@article{guo2015improved,
  title={Improved variable selection algorithm using a LASSO-type penalty, with an application to assessing hepatitis B infection relevant factors in community residents},
  author={Guo, Pi and Zeng, Fangfang and Hu, Xiaomin and Zhang, Dingmei and Zhu, Shuming and Deng, Yu and Hao, Yuantao},
  journal={PLoS One},
  volume={10},
  number={7},
  pages={e0134151},
  year={2015},
  publisher={Public Library of Science San Francisco, CA USA}
}

@article{barut2016conditional,
  title={Conditional sure independence screening},
  author={Barut, Emre and Fan, Jianqing and Verhasselt, Anneleen},
  journal={Journal of the American Statistical Association},
  volume={111},
  number={515},
  pages={1266--1277},
  year={2016},
  publisher={Taylor \& Francis}
}

@book{diciccio2020exact,
  title={Multiple data splitting for testing},
  author={Romano, Joseph P and DiCiccio, Cyrus},
  year={2019},
  publisher={Department of Statistics, Stanford University}
}

@article{uraibi2019weighted,
  title={Weighted Lasso Subsampling for HighDimensional Regression},
  author={Uraibi, Hassan S},
  journal={Electronic Journal of Applied Statistical Analysis},
  volume={12},
  number={1},
  pages={69--84},
  year={2019}
}

@article{donoho201750,
  title={50 years of data science},
  author={Donoho, David},
  journal={Journal of Computational and Graphical Statistics},
  volume={26},
  number={4},
  pages={745--766},
  year={2017},
  publisher={Taylor \& Francis}
}

@inproceedings{fujiwara2016fast,
  title={Fast lasso algorithm via selective coordinate descent},
  author={Fujiwara, Yasuhiro and Ida, Yasutoshi and Shiokawa, Hiroaki and Iwamura, Sotetsu},
  booktitle={Proceedings of the AAAI Conference on Artificial Intelligence},
  volume={30},
  number={1},
  year={2016}
}

@article{barber2019knockoff,
  title={A knockoff filter for high-dimensional selective inference},
  author={Barber, Rina Foygel and Cand{\`e}s, Emmanuel J},
  journal={The Annals of Statistics},
  volume={47},
  number={5},
  pages={2504--2537},
  year={2019},
  publisher={Institute of Mathematical Statistics}
}

@article{wasserman2009high,
  title={High dimensional variable selection},
  author={Wasserman, Larry and Roeder, Kathryn},
  journal={Annals of statistics},
  volume={37},
  number={5A},
  pages={2178},
  year={2009},
  publisher={NIH Public Access}
}

@article{friedman2007pathwise,
  title={Pathwise coordinate optimization},
  author={Friedman, Jerome and Hastie, Trevor and H{\"o}fling, Holger and Tibshirani, Robert and others},
  journal={Annals of applied statistics},
  volume={1},
  number={2},
  pages={302--332},
  year={2007},
  publisher={Institute of Mathematical Statistics}
}

@article{xu2020ultrahigh,
  title={Ultrahigh dimensional instrument detection using graph learning: an application to high dimensional GIS-census data for house pricing},
  author={Xu, Ning and Fisher, Timothy CG and Hong, Jian},
  journal={arXiv preprint arXiv:2007.15769},
  year={2020}
}

@article{sirmans2005hedonic,
  title={The composition of hedonic pricing models},
  author={Sirmans, Stacy and Macpherson, David and Zietz, Emily},
  journal={Journal of real estate literature},
  volume={13},
  number={1},
  pages={1--44},
  year={2005},
  publisher={Taylor \& Francis}
}

@article{freund2016new,
  title={New analysis and results for the Frank--Wolfe method},
  author={Freund, Robert M and Grigas, Paul},
  journal={Mathematical Programming},
  volume={155},
  number={1-2},
  pages={199--230},
  year={2016},
  publisher={Springer}
}

@article{tibshirani2015general,
  title={A general framework for fast stagewise algorithms},
  author={Tibshirani, Ryan J},
  journal={J. Mach. Learn. Res.},
  volume={16},
  number={1},
  pages={2543--2588},
  year={2015}
}

@article{gretton2005kernel,
  title={Kernel methods for measuring independence},
  author={Gretton, Arthur and Herbrich, Ralf and Smola, Alexander and Bousquet, Olivier and Sch{\"o}lkopf, Bernhard and others},
  year={2005},
  publisher={MIT Press}
}

@inproceedings{gretton2005measuring,
  title={Measuring statistical dependence with Hilbert-Schmidt norms},
  author={Gretton, Arthur and Bousquet, Olivier and Smola, Alex and Sch{\"o}lkopf, Bernhard},
  booktitle={International conference on algorithmic learning theory},
  pages={63--77},
  year={2005},
  organization={Springer}
}

@article{taylor2014exact,
  title={Exact post-selection inference for forward stepwise and least angle regression},
  author={Taylor, Jonathan and Lockhart, Richard and Tibshirani, Ryan J and Tibshirani, Robert},
  journal={arXiv preprint arXiv:1401.3889},
  volume={7},
  number={10-1},
  pages={2},
  year={2014}
}

@article{jia2010model,
  title={ON MODEL SELECTION CONSISTENCY OF THE ELASTIC NET WHEN $p>>n$},
  author={Jia, Jinzhu and Yu, Bin},
  journal={Statistica Sinica},
  pages={595--611},
  year={2010},
  publisher={JSTOR}
}

@book{koller2009probabilistic,
  title={Probabilistic graphical models: principles and techniques},
  author={Koller, Daphne and Friedman, Nir},
  year={2009},
  publisher={MIT press}
}

@Manual{Rlars,
    title = {Least Angle Regression, Lasso and Forward Stagewise},
    author = {Hastie, Trevor and Efron, Bradley},
    organization = {R Foundation for Statistical Computing},
    year = {2013},
    note = {R package version 1.2},
    url = {https://cran.r-project.org/web/packages/lars},
  }

@article{meinshausen2007relaxed,
  title={Relaxed lasso},
  author={Meinshausen, Nicolai},
  journal={Computational Statistics \& Data Analysis},
  volume={52},
  number={1},
  pages={374--393},
  year={2007},
  publisher={Elsevier}
}

@article{scikit-learn,
 title={Scikit-learn: Machine Learning in {P}ython},
 author={Pedregosa, F. and Varoquaux, G. and Gramfort, A. and Michel, V.
         and Thirion, B. and Grisel, O. and Blondel, M. and Prettenhofer, P.
         and Weiss, R. and Dubourg, V. and Vanderplas, J. and Passos, A. and
         Cournapeau, D. and Brucher, M. and Perrot, M. and Duchesnay, E.},
 journal={Journal of Machine Learning Research},
 volume={12},
 pages={2825--2830},
 year={2011}
}

@article{candes2009near,
  title={Near-ideal model selection by l1 minimization},
  author={Candes, Emmanuel J and Plan, Yaniv and others},
  journal={The Annals of Statistics},
  volume={37},
  number={5A},
  pages={2145--2177},
  year={2009},
  publisher={Institute of Mathematical Statistics}
}

@inproceedings{scholkopf2001generalized,
  title={A generalized representer theorem},
  author={Sch{\"o}lkopf, Bernhard and Herbrich, Ralf and Smola, Alex J},
  booktitle={International conference on computational learning theory},
  pages={416--426},
  year={2001},
  organization={Springer}
}

@article{friedman2010regularization,
  title={Regularization paths for generalized linear models via coordinate descent},
  author={Friedman, Jerome and Hastie, Trevor and Tibshirani, Rob},
  journal={Journal of statistical software},
  volume={33},
  number={1},
  pages={1},
  year={2010},
  publisher={NIH Public Access}
}

@article{lockhart2014significance,
  title={A significance test for the lasso},
  author={Lockhart, Richard and Taylor, Jonathan and Tibshirani, Ryan J and Tibshirani, Robert},
  journal={Annals of statistics},
  volume={42},
  number={2},
  pages={413},
  year={2014},
  publisher={NIH Public Access}
}

@article{zeng2017efficient,
  title={Efficient Feature Screening for Lasso-Type Problems via Hybrid Safe-Strong Rules},
  author={Zeng, Yaohui and Yang, Tianbao and Breheny, Patrick},
  journal={arXiv preprint arXiv:1704.08742},
  year={2017}
}

@article{wang2016feedback,
  title={Feedback-controlled sequential lasso screening},
  author={Wang, Yun and Chen, Xu and Ramadge, Peter J},
  journal={arXiv preprint arXiv:1608.06010},
  year={2016}
}

@inproceedings{wang2014safe,
  title={A safe screening rule for sparse logistic regression},
  author={Wang, Jie and Zhou, Jiayu and Liu, Jun and Wonka, Peter and Ye, Jieping},
  booktitle={Advances in neural information processing systems},
  pages={1053--1061},
  year={2014}
}

@article{ghaoui2010safe,
  title={Safe feature elimination for the lasso and sparse supervised learning problems},
  author={Ghaoui, Laurent El and Viallon, Vivian and Rabbani, Tarek},
  journal={arXiv preprint arXiv:1009.4219},
  year={2010}
}

@article{tibshirani2012strong,
  title={Strong rules for discarding predictors in lasso-type problems},
  author={Tibshirani, Robert and Bien, Jacob and Friedman, Jerome and Hastie, Trevor and Simon, Noah and Taylor, Jonathan and Tibshirani, Ryan J},
  journal={Journal of the Royal Statistical Society: Series B (Statistical Methodology)},
  volume={74},
  number={2},
  pages={245--266},
  year={2012},
  publisher={Wiley Online Library}
}

@article{zou2006adaptive,
  title={The adaptive lasso and its oracle properties},
  author={Zou, Hui},
  journal={Journal of the American statistical association},
  volume={101},
  number={476},
  pages={1418--1429},
  year={2006},
  publisher={Taylor \& Francis}
}

@article{zou2005regularization,
  title={Regularization and variable selection via the elastic net},
  author={Zou, Hui and Hastie, Trevor},
  journal={Journal of the royal statistical society: series B (statistical methodology)},
  volume={67},
  number={2},
  pages={301--320},
  year={2005},
  publisher={Wiley Online Library}
}


@article{wu2008coordinate,
  title={Coordinate descent algorithms for lasso penalized regression},
  author={Wu, Tong Tong and Lange, Kenneth and others},
  journal={The Annals of Applied Statistics},
  volume={2},
  number={1},
  pages={224--244},
  year={2008},
  publisher={Institute of Mathematical Statistics}
}

@article{li2012feature,
  title={Feature screening via distance correlation learning},
  author={Li, Runze and Zhong, Wei and Zhu, Liping},
  journal={Journal of the American Statistical Association},
  volume={107},
  number={499},
  pages={1129--1139},
  year={2012},
  publisher={Taylor \& Francis Group}
}


@article{shao2014martingale,
  title={Martingale difference correlation and its use in high-dimensional variable screening},
  author={Shao, Xiaofeng and Zhang, Jingsi},
  journal={Journal of the American Statistical Association},
  volume={109},
  number={507},
  pages={1302--1318},
  year={2014},
  publisher={Taylor \& Francis}
}


@article{cho2012high,
  title={High dimensional variable selection via tilting},
  author={Cho, Haeran and Fryzlewicz, Piotr},
  journal={Journal of the Royal Statistical Society: series B (statistical methodology)},
  volume={74},
  number={3},
  pages={593--622},
  year={2012},
  publisher={Wiley Online Library}
}


@article{li2012robust,
  title={Robust rank correlation based screening},
  author={Li, Gaorong and Peng, Heng and Zhang, Jun and Zhu, Lixing and others},
  journal={The Annals of Statistics},
  volume={40},
  number={3},
  pages={1846--1877},
  year={2012},
  publisher={Institute of Mathematical Statistics}
}


@article{fan2010sure,
  title={Sure independence screening in generalized linear models with NP-dimensionality},
  author={Fan, Jianqing and Song, Rui and others},
  journal={The Annals of Statistics},
  volume={38},
  number={6},
  pages={3567--3604},
  year={2010},
  publisher={Institute of Mathematical Statistics}
}


@book{efron2016computer,
  title     = {Computer age statistical inference},
  author    = {Efron, Bradley and Hastie, Trevor},
  volume    = {5},
  year      = {2016},
  publisher = {Cambridge University Press}
}

@article{fan2008sure,
  title={Sure independence screening for ultrahigh dimensional feature space},
  author={Fan, Jianqing and Lv, Jinchi},
  journal={Journal of the Royal Statistical Society: Series B (Statistical Methodology)},
  volume={70},
  number={5},
  pages={849--911},
  year={2008},
  publisher={Wiley Online Library}
}

@article{hall2009usingb,
  title={Using the bootstrap to quantify the authority of an empirical ranking},
  author={Hall, Peter and Miller, Hugh and others},
  journal={The Annals of Statistics},
  volume={37},
  number={6B},
  pages={3929--3959},
  year={2009},
  publisher={Institute of Mathematical Statistics}
}

@article{friedman2010note,
  title={A note on the group lasso and a sparse group lasso},
  author={Friedman, Jerome and Hastie, Trevor and Tibshirani, Robert},
  journal={arXiv preprint arXiv:1001.0736},
  year={2010}
}

@article{zhao2007stagewise,
  title={Stagewise lasso},
  author={Zhao, Peng and Yu, Bin},
  journal={Journal of Machine Learning Research},
  volume={8},
  number={Dec},
  pages={2701--2726},
  year={2007}
}

@article{tibshirani2005sparsity,
  title={Sparsity and smoothness via the fused lasso},
  author={Tibshirani, Robert and Saunders, Michael and Rosset, Saharon and Zhu, Ji and Knight, Keith},
  journal={Journal of the Royal Statistical Society: Series B (Statistical Methodology)},
  volume={67},
  number={1},
  pages={91--108},
  year={2005},
  publisher={Wiley Online Library}
}

@article{yamada2014high,
  title={High-dimensional feature selection by feature-wise kernelized lasso},
  author={Yamada, Makoto and Jitkrittum, Wittawat and Sigal, Leonid and Xing, Eric P and Sugiyama, Masashi},
  journal={Neural computation},
  volume={26},
  number={1},
  pages={185--207},
  year={2014},
  publisher={MIT Press}
}

@inproceedings{zhu20041,
  title={1-norm support vector machines},
  author={Zhu, Ji and Rosset, Saharon and Tibshirani, Robert and Hastie, Trevor J},
  booktitle={Advances in neural information processing systems},
  pages={49--56},
  year={2004}
}

@article{friedman2008sparse,
  title={Sparse inverse covariance estimation with the graphical lasso},
  author={Friedman, Jerome and Hastie, Trevor and Tibshirani, Robert},
  journal={Biostatistics},
  volume={9},
  number={3},
  pages={432--441},
  year={2008},
  publisher={Oxford University Press}
}

@article{natarajan1995sparse,
  title={Sparse approximate solutions to linear systems},
  author={Natarajan, Balas Kausik},
  journal={SIAM journal on computing},
  volume={24},
  number={2},
  pages={227--234},
  year={1995},
  publisher={SIAM}
}

@article{mallows1973some,
  title={Some comments on C p},
  author={Mallows, Colin L},
  journal={Technometrics},
  volume={15},
  number={4},
  pages={661--675},
  year={1973},
  publisher={Taylor \& Francis Group}
}

@article{schwarz1978estimating,
  title={Estimating the dimension of a model},
  author={Schwarz, Gideon and others},
  journal={The annals of statistics},
  volume={6},
  number={2},
  pages={461--464},
  year={1978},
  publisher={Institute of Mathematical Statistics}
}

@article{sakamoto1986akaike,
  title={Akaike information criterion statistics},
  author={Sakamoto, Yosiyuki and Ishiguro, Makio and Kitagawa, Genshiro},
  journal={Dordrecht, The Netherlands: D. Reidel},
  volume={81},
  year={1986},
  publisher={Taylor \& Francis}
}

@article{efroymson1960multiple,
  title={Multiple regression analysis},
  author={Efroymson, MA},
  journal={Mathematical methods for digital computers},
  pages={191--203},
  year={1960},
  publisher={John Wiley \& Sons}
}

@article{hocking1976biometrics,
  title={A Biometrics invited paper. The analysis and selection of variables in linear regression},
  author={Hocking, Ronald R},
  journal={Biometrics},
  volume={32},
  number={1},
  pages={1--49},
  year={1976},
  publisher={JSTOR}
}

@article{zhang2005boosting,
  title={Boosting with early stopping: Convergence and consistency},
  author={Zhang, Tong and Yu, Bin and others},
  journal={The Annals of Statistics},
  volume={33},
  number={4},
  pages={1538--1579},
  year={2005},
  publisher={Institute of Mathematical Statistics}
}

@article{yao2007early,
  title={On early stopping in gradient descent learning},
  author={Yao, Yuan and Rosasco, Lorenzo and Caponnetto, Andrea},
  journal={Constructive Approximation},
  volume={26},
  number={2},
  pages={289--315},
  year={2007},
  publisher={Springer}
}

@inproceedings{wan2013regularization,
  title={Regularization of neural networks using dropconnect},
  author={Wan, Li and Zeiler, Matthew and Zhang, Sixin and Le Cun, Yann and Fergus, Rob},
  booktitle={International Conference on Machine Learning},
  pages={1058--1066},
  year={2013}
}

@article{srivastava2014dropout,
  title={Dropout: a simple way to prevent neural networks from overfitting},
  author={Srivastava, Nitish and Hinton, Geoffrey and Krizhevsky, Alex and Sutskever, Ilya and Salakhutdinov, Ruslan},
  journal={The Journal of Machine Learning Research},
  volume={15},
  number={1},
  pages={1929--1958},
  year={2014},
  publisher={JMLR. org}
}

@article{xu2012asymptotic,
  title={Asymptotic optimality and efficient computation of the leave-subject-out cross-validation},
  author={Xu, Ganggang and Huang, Jianhua Z and others},
  journal={The Annals of Statistics},
  volume={40},
  number={6},
  pages={3003--3030},
  year={2012},
  publisher={Institute of Mathematical Statistics}
}

@article{blockeel2002efficient,
  title={Efficient algorithms for decision tree cross-validation},
  author={Blockeel, Hendrik and Struyf, Jan},
  journal={Journal of Machine Learning Research},
  volume={3},
  number={Dec},
  pages={621--650},
  year={2002}
}

@incollection{moore1994efficient,
  title={Efficient algorithms for minimizing cross validation error},
  author={Moore, Andrew W and Lee, Mary S},
  booktitle={Machine Learning Proceedings 1994},
  pages={190--198},
  year={1994},
  publisher={Elsevier}
}

@article{tibshirani2009bias,
  title={A bias correction for the minimum error rate in cross-validation},
  author={Tibshirani, Ryan J and Tibshirani, Robert},
  journal={The Annals of Applied Statistics},
  pages={822--829},
  year={2009},
  publisher={JSTOR}
}

@article{hastie1987generalized,
  title={Generalized additive models: some applications},
  author={Hastie, Trevor and Tibshirani, Robert},
  journal={Journal of the American Statistical Association},
  volume={82},
  number={398},
  pages={371--386},
  year={1987},
  publisher={Taylor \& Francis}
}

@article{yuan2007non,
  title={On the non-negative garrotte estimator},
  author={Yuan, Ming and Lin, Yi},
  journal={Journal of the Royal Statistical Society: Series B (Statistical Methodology)},
  volume={69},
  number={2},
  pages={143--161},
  year={2007},
  publisher={Wiley Online Library}
}

@article{wainwright2009sharp,
  title={Sharp thresholds for High-Dimensional and noisy sparsity recovery using $\ell_1$-Constrained Quadratic Programming (Lasso)},
  author={Wainwright, Martin J},
  journal={IEEE transactions on information theory},
  volume={55},
  number={5},
  pages={2183--2202},
  year={2009},
  publisher={IEEE}
}

@article{tropp2004greed,
  title={Greed is good: Algorithmic results for sparse approximation},
  author={Tropp, Joel A},
  journal={IEEE Transactions on Information theory},
  volume={50},
  number={10},
  pages={2231--2242},
  year={2004},
  publisher={IEEE}
}

@article{meinshausen2006high,
  title={High-dimensional graphs and variable selection with the lasso},
  author={Meinshausen, Nicolai and B{\"u}hlmann, Peter and others},
  journal={The annals of statistics},
  volume={34},
  number={3},
  pages={1436--1462},
  year={2006},
  publisher={Institute of Mathematical Statistics}
}

@inproceedings{bach2008bolasso,
  title={Bolasso: model consistent lasso estimation through the bootstrap},
  author={Bach, Francis R},
  booktitle={Proceedings of the 25th international conference on Machine learning},
  pages={33--40},
  year={2008},
  organization={ACM}
}

@article{meinshausen2010stability,
  title={Stability selection},
  author={Meinshausen, Nicolai and B{\"u}hlmann, Peter},
  journal={Journal of the Royal Statistical Society: Series B (Statistical Methodology)},
  volume={72},
  number={4},
  pages={417--473},
  year={2010},
  publisher={Wiley Online Library}
}

@inproceedings{chan2007direct,
  title={Direct convex relaxations of sparse SVM},
  author={Chan, Antoni B and Vasconcelos, Nuno and Lanckriet, Gert RG},
  booktitle={Proceedings of the 24th international conference on Machine learning},
  pages={145--153},
  year={2007},
  organization={ACM}
}

@inproceedings{argyriou2012sparse,
  title={Sparse Prediction with the $ k $-Support Norm},
  author={Argyriou, Andreas and Foygel, Rina and Srebro, Nathan},
  booktitle={Advances in Neural Information Processing Systems},
  pages={1457--1465},
  year={2012}
}

@article{yuan2016sparsity,
  title={Sparsity constrained minimization via mathematical programming with equilibrium constraints},
  author={Yuan, Ganzhao and Ghanem, Bernard},
  journal={arXiv preprint arXiv:1608.04430},
  year={2016}
}

@article{candes2005decoding,
  title={Decoding by linear programming},
  author={Candes, Emmanuel J and Tao, Terence},
  journal={IEEE transactions on information theory},
  volume={51},
  number={12},
  pages={4203--4215},
  year={2005},
  publisher={IEEE}
}

@book{mohri2012foundations,
  title     ={Foundations of machine learning},
  author    ={Mohri, Mehryar and Rostamizadeh, Afshin and Talwalkar, Ameet},
  year      ={2012},
  publisher ={MIT Press}
}

@article{haussler1996rigorous,
  title={Rigorous learning curve bounds from statistical mechanics},
  author={Haussler, David and Kearns, Michael and Seung, H Sebastian and Tishby, Naftali},
  journal={Machine Learning},
  volume={25},
  number={2-3},
  pages={195--236},
  year={1996},
  publisher={Springer}
}

@book{kooij2007prediction,
  title={Prediction accuracy and stability of regression with optimal scaling transformations},
  author={Kooij, Anita J and others},
  year={2007},
  publisher={Child \& Family Studies and Data Theory (AGP-D), Department of Education and Child Studies, Faculty of Social and Behavioural Sciences, Leiden University}
}

@book{tibshirani2015statistical,
  title={Statistical learning with sparsity: the lasso and generalizations},
  author={Tibshirani, Robert and Wainwright, Martin and Hastie, Trevor},
  year={2015},
  publisher={Chapman and Hall/CRC}
}

@article{hall2009using,
  title={Using generalized correlation to effect variable selection in very high dimensional problems},
  author={Hall, Peter and Miller, Hugh},
  journal={Journal of Computational and Graphical Statistics},
  volume={18},
  number={3},
  pages={533--550},
  year={2009},
  publisher={Taylor \& Francis}
}

@article{bartlett2005local,
  title={Local {R}ademacher complexities},
  author={Bartlett, Peter L and Bousquet, Olivier and Mendelson, Shahar and others},
  journal={Annals of Statistics},
  volume={33},
  number={4},
  pages={1497--1537},
  year={2005},
  publisher={Institute of Mathematical Statistics}
}

@article{weinan2017optimal,
  title     ={Optimal convergence rate of the universal estimation error},
  author    ={E, Weinan and Wang, Yao},
  journal   ={Research in the Mathematical Sciences},
  volume    ={4},
  number    ={1},
  pages     ={2-15},
  year      ={2017},
  publisher ={Springer}
}

@book{devroye2013probabilistic,
  title     ={A probabilistic theory of pattern recognition},
  author    ={Devroye, Luc and Gy{\"o}rfi, L{\'a}szl{\'o} and Lugosi, G{\'a}bor},
  series    ={Stochastic {M}odelling and {A}pplied {P}robability},
  volume    ={31},
  year      ={1996},
  publisher ={Springer-Verlag New York}
}

@inproceedings{blum1999beating,
  title     ={Beating the hold-out: Bounds for k-fold and progressive cross-validation},
  author    ={Blum, Avrim and Kalai, Adam and Langford, John},
  booktitle ={Proceedings of the 12th annual conference on Computational learning theory},
  pages     ={203--208},
  year      ={1999},
  organization={ACM}
}

@article{kearns1999algorithmic,
  title={Algorithmic stability and sanity-check bounds for leave-one-out cross-validation},
  author={Kearns, Michael and Ron, Dana},
  journal={Neural {C}omputation},
  volume={11},
  number={6},
  pages={1427--1453},
  year={1999},
  publisher={MIT Press}
}

@article{breiman1996heuristics,
  title={Heuristics of instability and stabilization in model selection},
  author={Breiman, Leo and others},
  journal={{A}nnals of {S}tatistics},
  volume={24},
  number={6},
  pages={2350--2383},
  year={1996},
  publisher={Institute of Mathematical Statistics}
}

@article{cawley2010over,
  title={On over-fitting in model selection and subsequent selection bias in performance evaluation},
  author={Cawley, Gavin C and Talbot, Nicola LC},
  journal={Journal of Machine Learning Research},
  volume={11},
  number={July},
  pages={2079--2107},
  year={2010}
}

@article{efron1983estimating,
  title     ={Estimating the error rate of a prediction rule: improvement on cross-validation},
  author    ={Efron, Bradley},
  journal   ={Journal of the {A}merican {S}tatistical {A}ssociation},
  volume    ={78},
  number    ={382},
  pages     ={316--331},
  year      ={1983},
  publisher ={Taylor \& Francis Group}
}

@inproceedings{nadeau2000inference,
  author    ={Nadeau, Claude and Bengio, Yoshua},
  editor    ={Solla, Sara A. and Leen, Todd K. and M\"{u}ller, Klaus-Robert},
  title     ={Inference for the generalization error},
  year      ={2000},
  booktitle ={Advances in {N}eural {I}nformation {P}rocessing {S}ystems 12},
  publisher ={MIT Press},
  pages     ={307--313}
}

@article{dietterich1998approximate,
  title     ={Approximate statistical tests for comparing supervised classification learning algorithms},
  author    ={Dietterich, Thomas G},
  journal   ={Neural {C}omputation},
  volume    ={10},
  number    ={7},
  pages     ={1895--1923},
  year      ={1998},
  publisher ={MIT Press}
}

@article{varma2006bias,
  title     ={Bias in error estimation when using cross-validation for model selection},
  author    ={Varma, Sudhir and Simon, Richard},
  journal   ={BMC {B}ioinformatics},
  volume    ={7},
  number    ={1},
  pages     ={91-98},
  year      ={2006},
  publisher ={BioMed Central}
}

@article{shalev2010learnability,
  title={Learnability, stability and uniform convergence},
  author={Shalev-Shwartz, Shai and Shamir, Ohad and Srebro, Nathan and Sridharan, Karthik},
  journal={Journal of Machine Learning Research},
  volume={11},
  number={Oct},
  pages={2635--2670},
  year={2010}
}

@article{elisseeff2003leave,
  title={Leave-one-out error and stability of learning algorithms with applications},
  author={Elisseeff, Andr{\'e} and Pontil, Massimiliano and others},
  journal={NATO science series sub series iii computer and systems sciences},
  volume={190},
  pages={111--130},
  year={2003},
  publisher={IOS press}
}

@article{poffio2004general,
  title={General conditions for predictivity in learning theory},
  author={Poffio, Tomaso and Rifkin, Ryan and Kukherjee, Sayan and Niyogi, Partha},
  journal={Nature},
  volume={428},
  number={6981},
  pages={419},
  year={2004},
  publisher={Nature Publishing Group}
}

@article{nan2014variable,
  title={Variable selection diagnostics measures for high-dimensional regression},
  author={Nan, Ying and Yang, Yuhong},
  journal={Journal of Computational and Graphical Statistics},
  volume={23},
  number={3},
  pages={636--656},
  year={2014},
  publisher={Taylor \& Francis}
}

@article{lederer2014new,
  title={New concentration inequalities for suprema of empirical processes},
  author={Lederer, Johannes and Van De Geer, Sara and others},
  journal={Bernoulli},
  volume={20},
  number={4},
  pages={2020--2038},
  year={2014},
  publisher={Bernoulli Society for Mathematical Statistics and Probability}
}

@article{adamczak2008tail,
  title={A tail inequality for suprema of unbounded empirical processes with applications to Markov chains},
  author={Adamczak, Radoslaw and others},
  journal={Electronic Journal of Probability},
  volume={13},
  pages={1000--1034},
  year={2008},
  publisher={The Institute of Mathematical Statistics and the Bernoulli Society}
}

@misc{taoconstant,
  author        ={Tao, Terence},
  title         ={Talagrand's concentration inequality},
  type          ={Blog},
  number        ={June 9},
  year          ={2009},
  howpublished  ={\url{https://terrytao.wordpress.com/2009/06/09/talagrands-concentration-inequality/}}
}

@article{massart2000constants,
  author    ={Massart, Pascal},
  title     ={About the constants in {T}alagrand's concentration inequalities for empirical processes},
  journal   ={Annals of Probability},
  pages     ={863--884},
  year      ={2000}
}

@book{elliott1982stochastic,
  title={Stochastic calculus and applications},
  author={Elliott, Robert James},
  volume={18},
  year={1982},
  publisher={Springer-Verlag}
}

@article{peng2004filtration,
  title={Filtration consistent nonlinear expectations and evaluations of contingent claims},
  author={Peng, Shige},
  journal={Acta Mathematicae Applicatae Sinica (English Series)},
  volume={20},
  number={2},
  pages={191--214},
  year={2004},
  publisher={Springer}
}

@book{striebel2013optimal,
  title={Optimal control of discrete time stochastic systems},
  author={Striebel, Charlotte},
  volume={110},
  year={1975},
  publisher={Springer}
}

@book{aliprantisinfinite,
  title={Infinite Dimensional Analysis: A Hitchhiker's Guide, 1999},
  author={Aliprantis, C and Border, K},
  publisher={Springer, Berlin},
  year={1999}
}

@book{vanweak,
  title     ={Weak Convergence and Empirical Processes},
  author    ={Van der Vaart, AW and Wellner, Jon A.},
  series    ={Springer {S}eries in {S}tatistics},
  publisher ={Springer-Verlag New York},
  year      ={1996}
}

@article{bousquet2002stability,
  title={Stability and generalization},
  author={Bousquet, Olivier and Elisseeff, Andr{\'e}},
  journal={Journal of Machine Learning Research},
  volume={2},
  number={Mar},
  pages={499--526},
  year={2002}
}

@article{lim2016estimation,
  title={Estimation Stability With Cross-Validation ({ESCV})},
  author={Lim, Chinghway and Yu, Bin},
  journal={Journal of Computational and Graphical Statistics},
  volume={25},
  number={2},
  pages={464--492},
  year={2016},
  publisher={Taylor \& Francis}
}

@article{jayan1985commutability,
  title={ON THE COMMUTABILITY OF ESSENTIAL INFIMUM AND CONDITIONAL EXPECTATION OPERATIONS},
  author={Yan, Jia-An},
  journal={Science Bulletin},
  volume={8},
  pages={004},
  year={1985}
}

@misc{Lecue09tool,
  author    ={Lecue, Guillaume},
  title     ={Basic tools from empirical processes theory applied to the compress sensing problem},
  year      ={2009}
}

@article{talagrand1994supremum,
  title={The supremum of some canonical processes},
  author={Talagrand, Michel},
  journal={American Journal of Mathematics},
  volume={116},
  number={2},
  pages={283--325},
  year={1994},
  publisher={JSTOR}
}

@article{valiant1984theory,
  title={A theory of the learnable},
  author={Valiant, Leslie G},
  journal={Communications of the ACM},
  volume={27},
  number={11},
  pages={1134--1142},
  year={1984},
  publisher={ACM}
}

@book{hall2014martingale,
  title={Martingale limit theory and its application},
  author={Hall, Peter and Heyde, Christopher C},
  year={2014},
  publisher={Academic press}
}

@article{bernstein1927extension,
  title={Sur l'extension du th{\'e}or{\`e}me limite du calcul des probabilit{\'e}s aux sommes de quantit{\'e}s d{\'e}pendantes},
  author={Bernstein, Serge},
  journal={Mathematische Annalen},
  volume={97},
  number={1},
  pages={1--59},
  year={1927},
  publisher={Springer}
}

@article{yu1994rates,
  title={Rates of convergence for empirical processes of stationary mixing sequences},
  author={Yu, Bin},
  journal={Annals of {P}robability},
  pages={94--116},
  year={1994},
  publisher={JSTOR}
}

@article{krebs2017inequality,
  title={An Inequality of the Bernstein-type for beta-mixing Time Series},
  author={Krebs, Johannes TN},
  journal={arXiv preprint arXiv:1701.05380},
  year={2017}
}

@incollection{merlevede2009bernstein,
  title={Bernstein inequality and moderate deviations under strong mixing conditions},
  author={Merlev{\`e}de, Florence and Peligrad, Magda and Rio, Emmanuel and others},
  booktitle={High dimensional probability V: the Luminy volume},
  pages={273--292},
  year={2009},
  publisher={Institute of Mathematical Statistics}
}

@article{bengio2004no,
  title={No unbiased estimator of the variance of k-fold cross-validation},
  author={Bengio, Yoshua and Grandvalet, Yves},
  journal={Journal of {M}achine {L}earning {R}esearch},
  volume={5},
  number={Sep},
  pages={1089--1105},
  year={2004}
}

@article{xu2001monte,
  title={Monte Carlo cross validation},
  author={Xu, Qing-Song and Liang, Yi-Zeng},
  journal={Chemometrics and Intelligent Laboratory Systems},
  volume={56},
  number={1},
  pages={1--11},
  year={2001},
  publisher={Elsevier}
}

@article{kim2009estimating,
  title={Estimating classification error rate: Repeated cross-validation, repeated hold-out and bootstrap},
  author={Kim, Ji-Hyun},
  journal={Computational Statistics \& Data Analysis},
  volume={53},
  number={11},
  pages={3735--3745},
  year={2009},
  publisher={Elsevier}
}

@article{friedman2000additive,
  title={Additive logistic regression: a statistical view of boosting (with discussion and a rejoinder by the authors)},
  author={Friedman, Jerome and Hastie, Trevor and Tibshirani, Robert and others},
  journal={Annals of {S}tatistics},
  volume={28},
  number={2},
  pages={337--407},
  year={2000},
  publisher={Institute of Mathematical Statistics}
}

@book{friedman2001elements,
  title     ={The elements of statistical learning},
  author    ={Friedman, Jerome and Hastie, Trevor and Tibshirani, Robert},
  volume    ={1},
  year      ={2001},
  series    ={Springer {S}eries in {S}tatistics},
  publisher ={Springer-Verlag New York}
}

@article{mohri2010stability,
  title={Stability bounds for stationary $\varphi$-mixing and $\beta$-mixing processes},
  author={Mohri, Mehryar and Rostamizadeh, Afshin},
  journal={Journal of Machine Learning Research},
  volume={11},
  number={Feb},
  pages={789--814},
  year={2010}
}

@article{bartlett2002rademacher,
  title={Rademacher and Gaussian complexities: Risk bounds and structural results},
  author={Bartlett, Peter L and Mendelson, Shahar},
  journal={Journal of Machine Learning Research},
  volume={3},
  number={Nov},
  pages={463--482},
  year={2002}
}

@book{vapnik1998statistical,
  title={Statistical learning theory},
  author={Vapnik, Vladimir Naumovich},
  volume={1},
  year={1998},
  publisher={Wiley New York}
}

@article{levitt2007viewpoint,
  title={Viewpoint: On the generalizability of lab behaviour to the field},
  author={Levitt, Steven D and List, John A},
  journal={Canadian Journal of Economics/Revue canadienne d'{\'e}conomique},
  volume={40},
  number={2},
  pages={347--370},
  year={2007},
  publisher={Wiley Online Library}
}

@article{hotz2005predicting,
  title={Predicting the efficacy of future training programs using past experiences at other locations},
  author={Hotz, V Joseph and Imbens, Guido W and Mortimer, Julie H},
  journal={Journal of Econometrics},
  volume={125},
  number={1},
  pages={241--270},
  year={2005},
  publisher={Elsevier}
}

@article{guala2005experiments,
  title={Experiments in economics: External validity and the robustness of phenomena},
  author={Guala, Francesco and Mittone, Luigi},
  journal={Journal of Economic Methodology},
  volume={12},
  number={4},
  pages={495--515},
  year={2005},
  publisher={Taylor \& Francis}
}

@article{heckman2007econometric,
  title={Econometric evaluation of social programs, part II: Using the marginal treatment effect to organize alternative econometric estimators to evaluate social programs, and to forecast their effects in new environments},
  author={Heckman, James J and Vytlacil, Edward J},
  journal={Handbook of econometrics},
  volume={6},
  pages={4875--5143},
  year={2007},
  publisher={Elsevier}
}

@article{roe2009internal,
  title={Internal and external validity in economics research: Tradeoffs between experiments, field experiments, natural experiments, and field data},
  author={Roe, Brian E and Just, David R},
  journal={American Journal of Agricultural Economics},
  volume={91},
  number={5},
  pages={1266--1271},
  year={2009},
  publisher={Oxford University Press}
}

@techreport{angrist2010extrapolate,
  title={Extrapolate-ing: External validity and overidentification in the late framework},
  author={Angrist, Joshua and Fernandez-Val, Ivan},
  year={2010},
  institution={National Bureau of Economic Research}
}

@article{list2011economists,
  title={Why economists should conduct field experiments and 14 tips for pulling one off},
  author={List, John A},
  journal={Journal of {E}conomic {P}erspectives},
  volume={25},
  number={3},
  pages={3--15},
  year={2011},
  publisher={American Economic Association}
}

@article{ludwig2011mechanism,
  title={Mechanism experiments and policy evaluations},
  author={Ludwig, Jens and Kling, Jeffrey R and Mullainathan, Sendhil},
  journal={Journal of {E}conomic {P}erspectives},
  volume={25},
  number={3},
  pages={17--38},
  year={2011},
  publisher={American Economic Association}
}

@book{allcott2012external,
  title={External validity and partner selection bias},
  author={Allcott, Hunt and Mullainathan, Sendhil},
  year={2012},
  publisher={National Bureau of Economic Research}
}

@book{skrondal2004generalized,
    title       = {Generalized latent variable modeling: Multilevel, longitudinal, and structural equation models},
    author      = {Skrondal, Anders and Rabe-Hesketh, Sophia},
    year        = {2004},
    publisher   = {Chapman and Hall/CRC}
}

@article{pearl2015detecting,
    title   = {Detecting latent heterogeneity},
    author  = {Pearl, Judea},
    journal = {Sociological Methods and Research},
    pages   = {1--20 (online)},
    year    = {2015},
}

@article{cesa2004generalization,
    title   = {On the generalization ability of on-line learning algorithms},
    author  = {Cesa-Bianchi, Nicolo and Conconi, Alex and Gentile, Claudio},
    journal = {IEEE Transactions on Information Theory},
    volume  = {50},
    number  = {9},
    pages   = {2050--2057},
    year    = {2004},
}

@incollection{kakade2009generalization,
    author      = {Kakade, Sham M. and Tiwari, Ambuj},
    title       = {On the generalization ability of online strongly convex programming algorithms},
    booktitle   = {Advances in Neural Information Processing Systems 21},
    editor      = {Daphne Koller and Dale Schuurmans and Yoshua Bengio and Leon Bottou},
    year        = {2009},
    pages       = {801--808},
    publisher   = {Curran Associates, Inc.},
}

@incollection{mohri2009rademacher,
    author      = {Mohri, Mehryar and Rostamizadeh, Afshin},
    title       = {Rademacher complexity bounds for non-i.i.d.\ processes},
    booktitle   = {Advances in Neural Information Processing Systems 21},
    editor      = {Daphne Koller and Dale Schuurmans and Yoshua Bengio and Leon Bottou},
    year        = {2009},
    pages       = {1097--1104},
    publisher   = {Curran Associates, Inc.},
}

@article{agarwal2013generalization,
    title   = {The generalization ability of online algorithms for dependent data},
    author  = {Agarwal, Alekh and Duchi, John C.},
    journal = {IEEE Transactions on Information Theory},
    volume  = {59},
    number  = {1},
    pages   = {573--587},
    year    = {2013},
    publisher={IEEE}
}

@inproceedings{yu2009learning,
    title       = {Learning structural {SVMs} with latent variables},
    author      = {Yu, Chun-Nam John and Joachims, Thorsten},
    booktitle   = {Proceedings of the 26th annual International Conference on Machine Learning},
    pages       = {1169--1176},
    year        = {2009},
    organization= {Association for Computing Machinery}
}

@inproceedings{wang2005learning,
    title       = {Learning {Gaussian} mixture models by structural risk minimization},
    author      = {Wang, Li-Wei and Feng, Ju-Fu},
    booktitle   = {2005 International Conference on Machine Learning and Cybernetics},
    volume      = {8},
    pages       = {4858--4863},
    year        = {2005},
    organization= {IEEE}
}

@techreport{yashin1986,
    author      = {Michalski, Anatoli and Yashin, Anatoli I.},
    title       = {Structural Minimization of Risk on Estimation of Heterogeneity Distributions},
    type        = {Working Paper},
    number      = {WP-86-76},
    institution = {International Institue for Applied Systems Analysis},
    year        = {1986},
}

@article{stock2012generalized,
    title   = {Generalized shrinkage methods for forecasting using many predictors},
    author  = {Stock, James H. and Watson, Mark W.},
    journal = {Journal of Business and Economic Statistics},
    volume  = {30},
    number  = {4},
    pages   = {481--493},
    year    = {2012},
}

@article{blundell2004evaluating,
    title   = {Evaluating the employment impact of a mandatory job search program},
    author  = {Blundell, Richard and Dias, Monica Costa and Meghir, Costas and Reenen, John},
    journal = {Journal of the European Economic Association},
    volume  = {2},
    number  = {4},
    pages   = {569--606},
    year    = {2004},
}

@phdthesis{dolton2006econometric,
    title   = {The econometric evaluation of the New Deal for Lone Parents},
    author  = {Dolton, Peter},
    year    = {2006},
    school  = {Department of Economics, University of Michigan}
}

@unpublished{gechter2015generalizing,
    title   = {Generalizing the Results from Social Experiments: Theory and Evidence from {Mexico} and {India}},
    author  = {Gechter, Michael},
    year    = {2015},
    note    = {{Unpublished} manuscript, Pennsylvania State University},
}

@article{belloni2013program,
    title   = {Program evaluation with high-dimensional data},
    author  = {Belloni, Alexandre and Chernozhukov, Victor and Fern{\'a}ndez-Val, Ivan and Hansen, Chris},
    journal = {arXiv e-print 1311.2645},
    year    = {2013}
}

@inproceedings{kohavi1995study,
    title       = {A study of cross-validation and bootstrap for accuracy estimation and model selection},
    author      = {Kohavi, Ron},
    booktitle   = {Proceedings of the 14th {I}nternational joint conference on {A}rtificial {I}ntelligence},
    volume      = {2},
    pages       = {1137--1145},
    year        = {1995}
}

@book{amemiya1985advanced,
    title       = {Advanced econometrics},
    author      = {Amemiya, Takeshi},
    year        = {1985},
    publisher   = {Harvard University Press}
}

@article{tang2007hoeffding,
    title       = {A {Hoeffding}-type inequality for ergodic time series},
    author      = {Tang, Yongqiang},
    journal     = {Journal of Theoretical Probability},
    volume      = {20},
    number      = {2},
    pages       = {167--176},
    year        = {2007},
    publisher   = {Springer}
}

@article{yu1993glivenko,
    title       = {A {Glivenko}-{Cantelli} lemma and weak convergence for empirical processes of
                  associated sequences},
    author      = {Yu, Hao},
    journal     = {Probability Theory and Related Fields},
    volume      = {95},
    number      = {3},
    pages       = {357--370},
    year        = {1993},
    publisher   ={Springer}
}

@article{wellner1981glivenko,
    title       = {A {Glivenko}-{Cantelli} theorem for empirical measures of independent but non-identically
                  distributed random variables},
    author      = {Wellner, Jon A},
    journal     = {Stochastic Processes and their Applications},
    volume      = {11},
    number      = {3},
    pages       = {309--312},
    year        = {1981},
    publisher   = {Elsevier}
}

@book{strongin2013global,
    title       = {Global optimization with non-convex constraints: Sequential and parallel algorithms},
    author      = {Strongin, Roman G. and Sergeyev, Yaroslav D.},
    year        = {2000},
    publisher   = {Springer US}
}

@article{yan2001global,
    title       = {Global optimization of non-convex nonlinear programs using {Line-up} {Competition} {Algorithm}},
    author      = {Yan, Liexiang and Ma, Dexian},
    journal     = {Computers and Chemical Engineering},
    volume      = {25},
    number      = {11},
    pages       = {1601--1610},
    year        = {2001},
    publisher   = {Elsevier}
}

@article{noor2008differentiable,
    title       = {Differentiable non-convex functions and general variational inequalities},
    author      = {Noor, Muhammad Aslam},
    journal     = {Applied Mathematics and Computation},
    volume      = {199},
    number      = {2},
    pages       = {623--630},
    year        = {2008},
    publisher   = {Elsevier}
}

@article{hall2011,
    title   = {Cross-validation and the estimation of conditional probability densities},
    author  = {Hall, Peter and Racine, Jeff and Li, Qi},
    journal = {Journal of the American Statistical Association},
    year    = {2004},
    volume  = {99},
    number  = {468},
    pages   = {1015--1026},
}

@article{hall1991,
  title  = {Local minima in cross-validation functions},
  author = {Hall, Peter and Marron, James S.},
  journal= {Journal of the Royal Statistical Society. Series B (Methodological)},
  year   = {1991},
  volume = {53},
  number = {1},
  pages  = {245--252},
}

@article{hu2009,
    title   = {Online learning with samples drawn from non-identical distributions},
    author  = {Hu, Ting and Zhou, Ding-Xuan},
    journal = {Journal of Machine Learning Research},
    volume  = {10},
    issue   = {December},
    pages   = {2873--2898},
    year    = {2009}
}

@article{smale2009,
    author  = {Smale, Steve and Zhou, Ding-Xuan},
    title   = {Online learning with {Markov} sampling},
    journal = {Analysis and Applications},
    volume  = {7},
    number  = {01},
    pages   = {87--113},
    year    = {2009},
}

@article{shalizi2011,
    author  = {McDonald, Daniel J and Shalizi, Cosma Rohilla and Schervish, Mark},
    title   = {Generalization error bounds for stationary autoregressive models},
    journal = {arXiv e-print 1103.0942},
    year    = {2011},
}

@inproceedings{akaike73,
    author      = {Akaike, Hirotugu},
    title       = {Information theory and an extension of the maximum likelihood principle},
    editor      = {B. N. Petrov and F. Csaki},
    booktitle   = {Second International Symposium on Information Theory, Tsahkadsor, Armenia, USSR},
    pages       = {267--281},
    year        = {1973},
    publisher   = {Budapest: Akademiai Kaido},
}

@book{belloni2011high,
    title       = {High dimensional sparse econometric models: An introduction},
    author      = {Belloni, Alexandre and Chernozhukov, Victor},
    year        = {2011},
    publisher   = {Springer},
}

@article{bickeletal09,
    author  = {Bickel, Peter J and Ritov, Ya'acov and Tsybakov, Alexandre B},
    title   = {Simultaneous analysis of Lasso and {D}antzig selector},
    journal = {Annals of Statistics},
    volume  = {37},
    number  = {4},
    pages   = {1705--1732},
    year    = {2009},
}

@article{friedman97,
    author  = {Friedman, Nir and Geiger, Dan and Goldszmidt, Moises},
    journal = {Machine Learning},
    pages   = {131--163},
    title   = {Bayesian Network Classifiers},
    volume  = {29},
    number  = {2-3},
    year    = {1997},
}

@article{friedman10,
    author  = {{Friedman}, J. and {Hastie}, T. and {Tibshirani}, R.},
    title   = {A note on the group lasso and a sparse group lasso},
    journal = {arXiv e-print 1001.0736},
    year    = {2010}
}

@inproceedings{james1961,
    title       = {Estimation with quadratic loss},
    author      = {James, William and Stein, Charles},
    booktitle   = {Proceedings of the 4th Berkeley symposium on mathematical statistics and probability},
    volume      = {1},
    pages       = {361--379},
    year        = {1961}
}

@book{tikhonov1998,
    author      = {Tikhonov, Andrei N. and Leonov, Alexei S and Yagola, Anatoly G},
    title       = {Nonlinear Ill-Posed Problems},
    year        = {1998},
    publisher   = {London: Chapman and Hall (English language edition)}
}

@inproceedings{tikhonov1963,
    author      = {Tikhonov, Andrei N.},
    title       = {Solution of incorrectly formulated problems and the regularization method},
    booktitle   = {Soviet Mathematics Doklady},
    volume      = {5},
    pages       = {1035--1038},
    year        = {1963}
}

@article{dempster77,
    author      = {Dempster, Arthur P. and Laird, Nan M. and Rubin, Donald B.},
    title       = {Maximum likelihood from incomplete data via the {EM} algorithm},
    journal     = {Journal of the royal statistical society. Series B (methodological)},
    pages       = {1--38},
    year        = {1977},
    publisher   = {JSTOR}
}

@article{jordan1994hierarchical,
    author  = {Jordan, Michael I and Jacobs, Robert A},
    title   = {Hierarchical mixtures of experts and the {EM} algorithm},
    journal = {Neural computation},
    volume  = {6},
    number  = {2},
    pages   = {181--214},
    year    = {1994},
    publisher={MIT Press}
}

@article{bilmes1998gentle,
    title   = {A gentle tutorial of the {EM} algorithm and its application to parameter estimation for
              {Gaussian} mixture and hidden {Markov} models},
    author  = {Bilmes, Jeff A.},
    journal = {International Computer Science Institute},
    volume  = {4},
    number  = {510},
    pages   = {126},
    year    = {1998}
}

@article{friedman00,
    author  = {Friedman, Nir and Linial, Michal and Nachman, Iftach and Pe'er, Dana},
    title   = {Using {B}ayesian Networks to Analyze Expression Data},
    journal = {Journal of Computational Biology},
    volume  = {7},
    number  = {3-4},
    year    = {2004},
    pages   = {601--620},
}

@article{pearl87,
    author  = {Pearl, Judea},
    title   = {Evidential Reasoning Using Stochastic Simulation of Causal Models},
    journal = {Artificial Intelligence},
    volume  = {32},
    number  = {2},
    year    = {1987},
    pages   = {245--257},
}

@article{chickering03,
    author  = {Chickering, David M.},
    journal = {Journal of Machine Learning Research},
    pages   = {507--554},
    title   = {Optimal Structure Identification with Greedy Search},
    volume  = {3},
    year    = {2003},
}

@article{chickering04,
    author  = {Chickering, David M. and Heckerman, David and Meek, Christopher},
    title   = {Large-Sample Learning of {B}ayesian Networks is {NP}-Hard},
    journal = {Journal of Machine Learning Research},
    volume  = {5},
    issue   = {October},
    pages   = {1287--1330},
    year    = {2004},
}

@article{heckerman95,
    author  = {Heckerman, David and Geiger, Dan and Chickering, David M.},
    title   = {Learning {B}ayesian networks: The combination of knowledge and statistical data},
    journal = {Machine Learning},
    volume  = {20},
    number  = {3},
    pages   = {197--243},
    year    = {1995},
}

@article{baing08,
    author  = {Bai, Jushan and Ng, Serena},
    title   = {Forecasting economic time series using targeted predictors},
    journal = {Journal of Econometrics},
    volume  = {146},
    number  = {2},
    pages   = {304--317},
    year    = {2008},
}

@article{baing10,
    author  = {Bai, Jushan and Ng, Serena},
    journal = {Econometric Theory},
    pages   = {06},
    title   = {Instrumental variable estimation in a data rich environment},
    volume  = {26},
    year    = {2010},
}

@article{belloniall12,
    author  = {Belloni, Alexandre and Chen, D. and Chernozhukov, Victor and Hansen, Christian B.},
    journal = {Econometrica},
    number  = {6},
    pages   = {2369--2429},
    title   = {Sparse models and methods for optimal instruments with an application to eminent domain},
    volume  = {80},
    year    = {2012},
}

@book{bellman57,
    author      = {Bellman, Richard E.},
    title       = {Dynamic Programming},
    series      = {Rand {C}orporation research study},
    year        = {1957},
    publisher   = {Princeton University Press},
}


@article{breiman95,
    author  = {Breiman, Leo},
    journal = {Technometrics},
    number  = {4},
    pages   = {373--384},
    title   = {Better Subset Regression Using the Nonnegative Garrote},
    volume  = {37},
    year    = {1995},
}

@article{candestao07,
    author  = {Candes, Emmanuel J. and Tao, Terence},
    title   = {The {D}antzig selector: statistical estimation when $p$ is much larger than $n$},
    journal = {Annals of Statistics},
    volume  = {35},
    number  = {6},
    pages   = {2313--2351},
    year    = {2007},
}

@article{caner09,
    author  = {Caner, Mehmet},
    journal = {Econometric Theory},
    number  = {1},
    pages   = {270--290},
    title   = {Lasso-type {GMM} estimator},
    volume  = {25},
    year    = {2009},
}

@article{chatterjeeall15,
    author  = {Chatterjee, Anindya and Gupta, Shuva and Lahiri, S.N.},
    title   = {On the residual empirical process based on the {ALASSO} in high dimensions and its functional
              oracle property},
    journal = {Journal of Econometrics},
    volume  = {186},
    number  = {2},
    pages   = {317--324},
    year    = {2015},
}

@article{chengliao15,
    author  = {Cheng, Xu and Liao, Zhipeng},
    journal = {Journal of Econometrics},
    number  = {2},
    pages   = {443--464},
    title   = {Select the valid and relevant moments: An information-based Lasso for {GMM} with many moments},
    volume  = {186},
    year    = {2015},
}

@article{day69,
    author  = {Day, Neil E.},
    journal = {Biometrika},
    number  = {3},
    pages   = {463--474},
    title   = {Estimating the Components of a Mixture of Normal Distributions},
    volume  = {56},
    year    = {1969},
}

@article{demolall08,
    author  = {De Mol, Christine and Giannone, Domenico and Reichlin, Lucrezia},
    journal = {Journal of Econometrics},
    number  = {2},
    pages   = {318--328},
    title   = {Forecasting using a large number of predictors: Is Bayesian shrinkage a valid alternative to
              principal components?},
    volume  = {146},
    year    = {2008},
}

@article{donoho00,
    author  = {Donoho, David L.},
    title   = {High-dimensional data analysis: The curses and blessings of dimensionality},
    journal = {AMS Math Challenges Lecture},
    pages   = {1--32},
    year    = {2000}
}

@article{efronall04,
    author  = {Efron, Bradley and Hastie, Trevor and Johnstone, Iain and Tibshirani, Robert},
    title   = {Least angle regression},
    journal = {Annals of Statistics},
    volume  = {32},
    number  = {2},
    pages   = {407--499},
    year    = {2004},
}

@article{weisberg04,
    author  = {Weisberg, Sanford},
    title   = {Discussion following ``{L}east angle regression,'' by {B. Efron}, {T. Hastie}, {I. Johnstone}, and {R. Tibshirani}},
    journal = {Annals of Statistics},
    volume  = {32},
    number  = {2},
    pages   = {490--494},
    year    = {2004},
}

@article{fanli01,
    author  = {Fan, Jianqing and Li, Runze},
    journal = {Journal of the American Statistical Association},
    number  = {456},
    pages   = {1348--1360},
    title   = {Variable selection via nonconcave penalized likelihood and its oracle properties},
    volume  = {96},
    year    = {2001},
}

@incollection{fellergelman15,
    author      = {Feller, Avi and Gelman, Andrew},
    title       = {Heirarchical models for causal effects},
    booktitle   = {Emerging Trends in the Social and Behavioural Sciences},
    editor      = {Robert Scott and Stephen Kosslyn},
    year        = {2015},
    pages       = {1--16},
    publisher   = {Wiley},
    address     = {Hoboken, NJ}
}

@article{frankfriedman93,
    author  = {Frank, Ildiko E. and Friedman, Jerome H.},
    journal = {Technometrics},
    number  = {2},
    pages   = {109--135},
    title   = {A statistical view of some chemometrics regression tools},
    volume  = {35},
    year    = {1993},
}

@article{fu98,
    author  = {Fu, Wenjiang J.},
    title   = {Penalized regressions: the bridge versus the Lasso},
    journal = {Journal of Computational and Graphical Statistics},
    year    = {1998},
    volume  = {7},
    number  = {3},
    pages   = {397--416},
}

@article{hoerlkennard70,
    author  = {Hoerl, Arthur E. and Kennard, Robert W.},
    title   = {Ridge Regression: Applications to Nonorthogonal Problems},
    journal = {Technometrics},
    volume  = {12},
    number  = {1},
    pages   = {69--82},
    year    = {1970},
}

@article{huangall08,
    author  = {Huang, Jian and Horowitz, Joel L. and Ma, Shuangge},
    title   = {Asymptotic properties of bridge estimators in sparse high-dimensional regression models},
    journal = {Annals of Statistics},
    volume  = {36},
    number  = {2},
    pages   = {587--613},
    year    = {2008},
}

@article{hoeffding63,
    author  = {Hoeffding, Wassily},
    title   = {Probability inequalities for sums of bounded random variables},
    journal = {Journal of the American Statistical Association},
    volume  = {58},
    number  = {301},
    pages   = {13-30},
    year    = {1963},
}

@article{kimswanson14,
    author  = {Kim, Hyun Hak and Swanson, Norman R.},
    title   = {Forecasting financial and macroeconomic variables using data reduction methods: New empirical
              evidence},
    journal = {Journal of Econometrics},
    volume  = {178},
    number  = {2},
    pages   = {352--367},
    year    = {2014},
}

@article{kockcallot15,
    title   = {Oracle inequalities for high dimensional vector autoregressions},
    journal = {Journal of Econometrics},
    volume  = {186},
    number  = {2},
    pages   = {325--344},
    year    = {2015},
    author  = {Kock, Anders B. and Callot, Laurent},
}

@article{knightfu00,
    author  = {Knight, Keith and Fu, Wenjiang},
    title   = {Asymptotics for Lasso-type estimators},
    journal = {{A}nnals of {S}tatistics},
    volume  = {28},
    number  = {5},
    pages   = {1356--1378},
    year    = {2000},
}

@article{leebpotscher05,
    author  = {Leeb, Hannes and P{\"o}tscher, Benedikt M.},
    title   = {Model selection and inference: Facts and fiction},
    journal = {Econometric Theory},
    pages   = {01},
    volume  = {21},
    year    = {2005},
}

@article{leebpotscher08,
    author  = {Leeb, Hannes and P{\"o}tscher, Benedikt M.},
    title   = {Sparse estimators and the oracle property, or the return of {Hodges} estimator},
    journal = {Journal of Econometrics},
    volume  = {142},
    number  = {1},
    pages   = {201--211},
    year    = {2008},
}

@article{lockhartall14,
    author  = {Lockhart, Richard and Taylor, Jonathan and Tibshirani, Ryan J. and Tibshirani, Robert},
    title   = {A significance test for the Lasso},
    journal = {Annals of Statistics},
    volume  = {42},
    number  = {2},
    pages   = {413--468},
    year    = {2014},
}

@article{manzan15,
    author  = {Manzan, Sebastiano},
    title   = {Forecasting the Distribution of Economic Variables in a Data-Rich Environment},
    journal = {Journal of Business and Economic Statistics},
    volume  = {33},
    number  = {1},
    pages   = {144--164},
    year    = {2015},
}

@article{meinshausen07,
    author  = {Meinshausen, Nicolai},
    title   = {Relaxed Lasso},
    journal = {Computational Statistics and Data Analysis},
    volume  = {52},
    number  = {1},
    pages   = {374--393},
    year    = {2007},
}

@article{meinshausenbuhlmann06,
    author  = {Meinshausen, Nicolai and B{\"u}hlmann, Peter},
    title   = {High-dimensional graphs and variable selection with the lasso},
    journal = {Annals of Statistics},
    volume  = {34},
    number  = {3},
    pages   = {1436--1462},
    year    = {2006},
}

@article{meinshausenyu09,
    author  = {Meinshausen, Nicolai and Yu, Bin},
    title   = {Lasso-type recovery of sparse representations for high-dimensional data},
    journal = {Annals of Statistics},
    volume  = {37},
    number  = {1},
    pages   = {246--270},
    year    = {2009},
}

@article{neweymcfadden94,
    author  = {Newey, Whitney K. and McFadden, Daniel},
    title   = {Large sample estimation and hypothesis testing},
    journal = {Handbook of Econometrics},
    volume  = {4},
    pages   = {2111--2245},
    year    = {1994},
}

@article{parkcasella08,
    author  = {Park, Trevor and Casella, George},
    title   = {The {Bayesian} {Lasso}},
    journal = {Journal of the American Statistical Association},
    volume  = {103},
    number  = {482},
    pages   = {681--686},
    year    = {2008},
}

@article{pistoresiall11,
    author  = {Pistoresi, Barbara and Salsano, Francesco and Ferrari, Davide},
    title   = {Political institutions and central bank independence revisited},
    journal = {Applied Economics Letters},
    volume  = {18},
    number  = {7},
    pages   = {679--682},
    year    = {2011},
}

@article{schwarz78,
    author  = {Schwarz, Gideon E.},
    title   = {Estimating the dimension of a model},
    journal = {Annals of Statistics},
    volume  = {6},
    number  = {2},
    pages   = {461--464},
    year    = {1978},
}

@article {schneiderwagner12,
    author  = {Schneider, Ulrike and Wagner, Martin},
    title   = {Catching Growth Determinants with the Adaptive Lasso},
    journal = {German Economic Review},
    volume  = {13},
    number  = {1},
    pages   = {71--85},
    year    = {2012},
}

@article{shao93,
    author  = {Shao, Jun},
    title   = {Linear Model Selection by Cross-Validation},
    journal = {Journal of the American Statistical Association},
    volume  = {88},
    number  = {422},
    pages   = {486--494},
    year    = {1993},
}

@article{shao97,
    author  = {Shao, Jun},
    title   = {An asymptotic theory for linear model selection},
    journal = {Statistica Sinica},
    volume  = {7},
    number  = {2},
    pages   = {221--242},
    year    = {1997},
}

@article{stone74,
    author  = {Stone, M.},
    title   = {Cross-Validatory Choice and Assessment of Statistical Predictions},
    journal = {Journal of the Royal Statistical Society, Series B (Methodological)},
    volume  = {36},
    number  = {2},
    pages   = {111--147},
    year    = {1974},
}

@article{stone77,
    author  = {Stone, M.},
    title   = {An Asymptotic Equivalence of Choice of Model by Cross-Validation and {Akaike}'s Criterion},
    journal = {Journal of the Royal Statistical Society, Series B (Methodological)},
    volume  = {39},
    number  = {1},
    pages   = {44--47},
    year    = {1977},
}

@article{tibshirani96,
    author  = {Tibshirani, Robert},
    title   = {Regression shrinkage and selection via the {Lasso}},
    journal = {Journal of the Royal Statistical Society, Series B (Methodological)},
    volume  = {58},
    number  = {1},
    pages   = {267--288},
    year    = {1996},
}

@article{tropp04,
    author  = {Tropp, Joel A},
    title   = {Greed is good: Algorithmic results for sparse approximation},
    journal = {IEEE Transactions on Information Theory},
    volume  = {50},
    number  = {10},
    pages   = {2231--2242},
    year    = {2004},
}

@article{vandergeer08,
    author  = {Van de Geer, Sara A.},
    journal = {Annals of Statistics},
    pages   = {614--645},
    title   = {High-dimensional generalized linear models and the {Lasso}},
    year    = {2008},
}

@article{vc68,
    author  = {Vapnik, Vladimir N. and Chervonenkis, Alexei Y.},
    journal = {Avtomatika i Telemekhanika},
    number  = {4},
    pages   = {95--106},
    title   = {Algorithms with complete memory and recurrent algorithms in the problem of learning pattern recognition},
    year    = {1968},
}

@article{vc71,
    author  = {Vapnik, Vladimir N. and Chervonenkis, Alexei Y.},
    journal = {Theoretical Probability and its Applications},
    number  = {2},
    pages   = {264--280},
    title   = {On the uniform convergence of relative frequencies of events to their probabilities},
    volume  = {16},
    year    = {1971},
}

@article{vc71b,
    author  = {Vapnik, Vladimir N. and Chervonenkis, Alexei Y.},
    journal = {Avtomatika i Telemekhanika},
    issue   = {2},
    pages   = {42--53},
    title   = {Theory of uniform convergence of frequencie of appearance of attributes to their probabilities and problems of defining optimal solution by empiric data},
    year    = {1971},
}

@article{vc74,
    author  = {Vapnik, Vladimir N. and Chervonenkis, Alexei Y.},
    journal = {Avtomatika i Telemekhanika},
    issue   = {8},
    pages   = {21--30},
    title   = {The method of ordered risk minimization, {I}},
    year    = {1974},
}

@article{vc74b,
    author  = {Vapnik, Vladimir N. and Chervonenkis, Alexei Y.},
    journal = {Avtomatika i Telemekhanika},
    issue   = {9},
    pages   = {29--39},
    title   = {On the method of ordered risk minimization, {II}},
    year    = {1974},
}

@article{zhaoyu06,
    author  = {Zhao, Peng and Yu, Bin},
    title   = {On model selection consistency of {Lasso}},
    journal = {Journal of Machine Learning Research},
    volume  = {7},
    issue   = {November},
    pages   = {2541--2563},
    year    = {2006},
}

@article{zhanghuang08,
    author  = {Zhang, Cun-Hui and Huang, Jian},
    title   = {The sparsity and bias of the {Lasso} selection in high-dimensional linear regression},
    journal = {Annals of Statistics},
    volume  = {36},
    number  = {4},
    pages   = {1567--1594},
    year    = {2008},
}

@article{zhang09,
    author  = {Zhang, Tong},
    title   = {On the Consistency of Feature Selection Using Greedy Least Squares Regression},
    journal = {Journal of Machine Learning Research},
    volume  = {10},
    issue   = {March},
    pages   = {555--568},
    year    = {2009},
}

@article{zhang10,
    author  = {Zhang, Cun-Hui},
    title   = {Nearly unbiased variable selection under minimax concave penalty},
    journal = {Annals of Statistics},
    volume  = {38},
    number  = {2},
    pages   = {894--942},
    year    = {2010},
}

@article{meinshausen2009p,
  title={P-values for high-dimensional regression},
  author={Meinshausen, Nicolai and Meier, Lukas and B{\"u}hlmann, Peter},
  journal={Journal of the American Statistical Association},
  volume={104},
  number={488},
  pages={1671--1681},
  year={2009},
  publisher={Taylor \& Francis}
}