@article{pelekis2015hoeffding,
  title   = {Hoeffding's inequality for sums of weakly dependent random variables},
  author  = {Pelekis, Christos and Ramon, Jan},
  journal = {Mediterr. J. Math.},
  volume  = {14},
  issue   = {243},
  year    = {2017}
}

@article{zhang09,
    author  = {Zhang, Tong},
    title   = {On the Consistency of Feature Selection Using Greedy Least Squares Regression},
    journal = {Journal of Machine Learning Research},
    volume  = {10},
    issue   = {March},
    pages   = {555--568},
    year    = {2009},
}

@incollection{geer2002hoeffding,
  title={On Hoeffdingâ€™s inequality for dependent random variables},
  author={Geer, Sara A},
  booktitle={Empirical process techniques for dependent data},
  pages={161--169},
  year={2002},
  publisher={Springer}
}